@book{meyer1965introductory,
  title={Introductory Probability and Statistical Applications},
  author={Meyer, P.L.},
  lccn={lc65014525},
  series={Addison-Wesley series in statistics},
  url={https://books.google.com.br/books?id=-T7qkiDdpJMC},
  year={1965},
  publisher={Addison-Wesley}
}
